
%elektronicky zdroj priama citacia
@Misc{david:martinek:latex,
	author = "David Martinek",
	title = "Jak citovat jiné autory",
	note = "[online], Poslední modifikace: 2008-10-22, [cit. 2011-04-21]",
	url = "http://www.fit.vutbr.cz/~martinek/latex/czechiso.html"
}

%elektronicky zdroj
@Misc{michal:svamberg:root,
	author = "Michal Švamberg",
	title = "Jak na Latex: Úvod",
	note = "[online], 2001-06-27, [cit. 2011-04-21]",
	url = "http://www.root.cz/clanky/jak-na-latex-uvod/"
}

%elektronizky dokument
@Misc{petr:zelenka:abclinux,
	author = "Petr Zelenka",
	title = "Beamer: LaTeX na prezentace",
	note = "[online], 2006-08-28, [cit. 2011-04-21]",
	url = "http://www.abclinuxu.cz/clanky/navody/beamer-latex-na-prezentace",
}

%kniha v anglictine
@Book{latex:math,
	author = "Gratze, George",
	title = "More Math into Latex",
	pages = "619",
	publisher = "Springer-Verlag Inc.",
	adress = "New York",
	year = "2007-10-8",
	isbn = "978-0-387-32289-6",
}

%kniha
@Book{latex:rybicka,
	author = "Jiří Rybička",
	title = "LaTeX pro začátečníky",
	pages = "238",
	publisher = "Konvoj",
	adress = "Brno",
	edition = "3",
	year = "2003",
	isbn = "80-7302-049-1"
}

%bakalarka
@MastersThesis{latex:bakalarka,
	author = "Jaroslav Divila",
	title = "Revizní systém pro LaTeX",
	school = "Vysoké učení technické Fakulta informačních technologií",
	year = "2009",
}

%diplomovka
@MastersThesis{latex:diplomovka,
	author = " Petr Lebeda",
	title = "Interpret jazyka LaTeX založený na kombinaci více metod syntaktické analýzy",
	school = "Vysoké učení technické Fakulta informačních technologií",
	year = "2007",
}

%clanok z zasopisu
@Article{cio:clanok,
	author = "Pavel Houser",
	title = "Kosmický program v troskách?",
	journal = "CIO Business World",
	year = "2010",
	pages = "56-58",
	number = "7-8",
	issn = "1803-7321",
}

%cely casopis
@Article{cio:casopis,
	journal = "CIO Business World",
	year = "2010",
	issn = "1803-7321",
}

@Article{typo:clanok,
author = "Filip Blažek",
title = "Reading 2006",
journal = "Typo",
year = "2006",
volume = "4",
number = "24",
pages = "8-21",
issn = "1214-0716"
}
